@article{beaven1993explaining,
  title={Explaining type errors in polymorphic languages},
  author={Beaven, Mike and Stansifer, Ryan},
  journal={ACM Letters on Programming Languages and Systems (LOPLAS)},
  volume={2},
  number={1-4},
  pages={17--30},
  year={1993},
  publisher={ACM}
}

@inproceedings{augustsson-provenance,
  author = {Augustsson, Lennart},
  title = {Type Error Provenance},
  year = {2014},
  howpublished = {\url{https://www.youtube.com/watch?v=rdVqQUOvxSU}}
}

@inproceedings{chitil:compositional,
author = {Olaf Chitil},
title = {Compositional Explanation of Types and Algorithmic Debugging of Type Errors},
month = {September},
year = {2001},
pages = {182-196},
keywords = {determinacy analysis, Craig interpolants},
note = {},
doi = {},
url = {http://www.cs.kent.ac.uk/pubs/2001/1811},
    publication_type = {inproceedings},
    submission_id = {15958_1077221965},
    booktitle = {Proceedings of the Sixth ACM SIGPLAN International Conference on Functional Programming (ICFP'01)
},
    address = {Firenze, Italy},
    publisher = {ACM},
    refereed = {yes},
    ISBN = {1-58113-415-0},
}

@inproceedings{simon:typeview,
author = {Axel Simon and Olaf Chitil and Frank Huch},
title = {{Typeview: A Tool for Understanding Type Errors}},
month = {September},
year = {2000},
pages = {182-196},
keywords = {determinacy analysis, Craig interpolants},
note = {},
doi = {},
url = {http://www.cs.kent.ac.uk/pubs/2000/1899},
    publication_type = {inproceedings},
    submission_id = {19821_1083662531},
    booktitle = {Draft Proceedings of the 12th International Workshop on Implementation of Functional Languages},
    editor = {Markus Mohnen and Pieter Koopman},
    organization = {Aachener Informatik-Bericht 00-7, RWTH Aachen},
    address = {Aachen, Germany},
}
