@inproceedings{traytel2011extending,
  title={Extending Hindley-Milner type inference with coercive structural subtyping},
  author={Traytel, Dmitriy and Berghofer, Stefan and Nipkow, Tobias},
  booktitle={Asian Symposium on Programming Languages and Systems},
  pages={89--104},
  year={2011},
  organization={Springer}
}

