@url{ACM:2013,
      Author = {Association for Computing Machinery},
      Lastchecked = {August 18, 2016},
      Title = {{Computer Science Curricula 2013: Curriculum Guidelines for Undergraduate Degree Programs in Computer Science}},
      Note = {Online: \url{http://www.acm.org/education/CS2013-final-report.pdf}}
}

@url{Typeclassopedia,
      Author = {Brent Yorgey},
      Title = {{The Typeclassopedi}a},
      Note = {Online: \url{https://wiki.haskell.org/Typeclassopedia}}
}

@url{bitemyapp-learn,
      Author = {Chris Allen},
      Title = {{How to learn Haskell}},
      Note = {Online: \url{https://github.com/bitemyapp/learnhaskell/blob/master/README.md}}
}

@url{yorgey-tmlt,
      Author = {Brent Yorgey},
      Title = {{The Math Less Traveled}},
      Note = {Online: \url{http://www.mathlesstraveled.com}}
}

@url{diagrams,
      Title = {diagrams},
      Note = {Online: \url{http://projects.haskell.org/diagrams/}}
}